<record><leader>00000cas a2200000 a 4500</leader><controlfield tag="001">45092885</controlfield><controlfield tag="008">000928d196u1965cauwr ne      0    0eng c</controlfield><datafield ind1=" " ind2=" " tag="010"><subfield code="a">sn 00060662 </subfield></datafield><datafield ind1=" " ind2=" " tag="040"><subfield code="a">CNK</subfield><subfield code="b">eng</subfield><subfield code="c">CNK</subfield><subfield code="d">OCLCQ</subfield><subfield code="d">OCLCF</subfield><subfield code="d">OCLCO</subfield></datafield><datafield ind1=" " ind2=" " tag="042"><subfield code="a">pcc</subfield></datafield><datafield ind1=" " ind2=" " tag="043"><subfield code="a">n-us-ca</subfield></datafield><datafield ind1="0" ind2=" " tag="130"><subfield code="a">Bulletin (Chula Vista, Calif.)</subfield></datafield><datafield ind1="1" ind2="0" tag="245"><subfield code="a">Bulletin.</subfield></datafield><datafield ind1="1" ind2="3" tag="246"><subfield code="a">Chula Vista (Calif.) bulletin</subfield></datafield><datafield ind1=" " ind2=" " tag="260"><subfield code="a">Chula Vista, Calif. :</subfield><subfield code="b">Max Goodwin</subfield></datafield><datafield ind1=" " ind2=" " tag="300"><subfield code="a">v.</subfield></datafield><datafield ind1=" " ind2=" " tag="310"><subfield code="a">Weekly</subfield></datafield><datafield ind1="0" ind2=" " tag="362"><subfield code="a">-v. 2, no. 20 (Aug. 11, 1965).</subfield></datafield><datafield ind1=" " ind2=" " tag="500"><subfield code="a">"Chula Vista, California" appears in small print above "Bulletin."</subfield></datafield><datafield ind1=" " ind2=" " tag="588"><subfield code="a">Description based on: Vol. 1, no. 29 (Oct. 14, 1964).</subfield></datafield><datafield ind1=" " ind2="0" tag="651"><subfield code="a">Chula Vista (Calif.)</subfield><subfield code="v">Newspapers.</subfield></datafield><datafield ind1=" " ind2="7" tag="655"><subfield code="a">Newspapers.</subfield><subfield code="2">fast</subfield><subfield code="0">(OCoLC)fst01423814</subfield></datafield><datafield ind1=" " ind2="7" tag="651"><subfield code="a">California</subfield><subfield code="z">Chula Vista.</subfield><subfield code="2">fast</subfield><subfield code="0">(OCoLC)fst01217490</subfield></datafield><datafield ind1=" " ind2=" " tag="752"><subfield code="a">United States</subfield><subfield code="b">California</subfield><subfield code="c">San Diego</subfield><subfield code="d">Chula Vista.</subfield></datafield><datafield ind1="0" ind2="0" tag="785"><subfield code="t">South Bay bulletin</subfield><subfield code="w">(DLC)sn 00060661</subfield></datafield></record>